<record><leader>00000cas a22000007a 4500</leader><controlfield tag="001">16570883</controlfield><controlfield tag="008">870827d19251928msuwr ne      0    0eng d</controlfield><datafield ind1=" " ind2=" " tag="010"><subfield code="a">sn 88067016 </subfield></datafield><datafield ind1=" " ind2=" " tag="040"><subfield code="a">MFM</subfield><subfield code="b">eng</subfield><subfield code="c">MFM</subfield><subfield code="d">MSJ</subfield><subfield code="d">DLC</subfield><subfield code="d">OCL</subfield><subfield code="d">OCLCG</subfield><subfield code="d">OCLCA</subfield></datafield><datafield ind1=" " ind2=" " tag="042"><subfield code="a">msc</subfield></datafield><datafield ind1="0" ind2="4" tag="245"><subfield code="a">The Gulf Coast guide.</subfield></datafield><datafield ind1=" " ind2=" " tag="260"><subfield code="a">Gulfport, Miss. :</subfield><subfield code="b">Clayton Rand,</subfield><subfield code="c">1925-1928.</subfield></datafield><datafield ind1=" " ind2=" " tag="310"><subfield code="a">Weekly</subfield></datafield><datafield ind1="0" ind2=" " tag="362"><subfield code="a">Vol. 1, no. 1 (Sept. 17, 1925)-v. 3, no. 35 (June 8, 1928).</subfield></datafield><datafield ind1="1" ind2=" " tag="700"><subfield code="a">Rand, Clayton,</subfield><subfield code="d">1891-</subfield></datafield><datafield ind1=" " ind2=" " tag="752"><subfield code="a">United States</subfield><subfield code="b">Mississippi</subfield><subfield code="c">Harrison</subfield><subfield code="d">Gulfport.</subfield></datafield><datafield ind1="0" ind2="0" tag="785"><subfield code="t">Mississippi guide</subfield><subfield code="w">(OCoLC)15193840</subfield></datafield></record>